@article{truncProj,
author = {Hartvig, Martin and Andersen, Ken and E Beyer, Jan},
year = {2011},
month = {03},
pages = {113-122},
title = {Food web framework for size-structured populations},
volume = {272},
booktitle = {Journal of theoretical biology}
}